@book{aigner2018proofs,
  title={Proofs from THE BOOK},
  author={Aigner, Martin and Ziegler, Günter M.},
  isbn={9783662572658},
  url={https://link.springer.com/book/10.1007/978-3-662-57265-8},
  year={2018},
  publisher={Springer Berlin Heidelberg}
}
@book{tao2014analysis,
  title={\href{https://terrytao.wordpress.com/books/analysis-i}{Analysis I}},
  author={Tao, T.},
  series={Texts and readings in mathematics},
  year={2014},
  publisher={Hindustan Book Agency}
}
@book{dummit2003abstract,
  title={Abstract Algebra},
  author={Dummit, D.S. and Foote, R.M.}, 
  lccn={2003057652}, 
  year={2003},
  publisher={Wiley}
}
@misc{chen2024napkin,
  author = {Chen, E.},
  title = {\href{https://venhance.github.io/napkin/Napkin.pdf}{An Infinitely Large Napkin}}, 
  note = {Revision 1.6.20240911},
  month = sep,
  year = 2024
}
@misc{chenevier2024ens,
  author = {Chenevier, G.},
  title = {\href{http://gaetan.chenevier.perso.math.cnrs.fr/ALG1/Algebre_ENS_Chenevier.pdf}{Cours d'Algèbre I}},
  year = 2024
}
@booklet{serre1979ens,
  author = {Serre, J.-P.},
  title = {\href{https://www.college-de-france.fr/media/jean-pierre-serre/UPL2937151343298039815_1___Groupes_finis.pdf}{Groupes finis}},
  note = {Cours à l’École Normale Supérieure de Jeunes Filles},
  year = {1978--1979}
}
