@book{aigner2018proofs,
  title={Proofs from THE BOOK},
  author={Aigner, Martin and Ziegler, Günter M.},
  isbn={9783662572658},
  url={https://link.springer.com/book/10.1007/978-3-662-57265-8},
  year={2018},
  publisher={Springer Berlin Heidelberg}
}
@book{tao2014analysis,
  title={Analysis I},
  author={Tao, Terence},
  series={Texts and readings in mathematics},
  url={https://terrytao.wordpress.com/books/analysis-i},
  year={2014},
  publisher={Hindustan Book Agency}
}
@book{dummit2003abstract,
  title={Abstract Algebra},
  author={Dummit, D.S. and Foote, R.M.},
  isbn={9780471433347},
  lccn={2003057652}, 
  year={2003},
  publisher={Wiley}
}
@misc{chen2024napkin,
  author = {Chen, Evan},
  title = {An Infinitely Large Napkin},
  url={https://venhance.github.io/napkin/Napkin.pdf},
  note = {Revision 1.6.20240911},
  month = sep,
  year = 2024
}
@misc{chenevier2024ens,
  author = {Chenevier, Gaêtan },
  title = {Cours d'Algèbre I},
  url={http://gaetan.chenevier.perso.math.cnrs.fr/ALG1/Algebre_ENS_Chenevier.pdf},
  year = 2024
}
@booklet{serre1979ens,
  author = {Serre, J.-P.},
  title = {Groupes finis},
  note = {Cours à l’École Normale Supérieure de Jeunes Filles},
  year = {1978--1979}
}
